<?xml version="1.0" encoding="UTF-8"?><collection xmlns="http://www.loc.gov/MARC21/slim"><record><leader>00409nam--2200121-i-4500</leader><controlfield tag="001">000040979</controlfield><controlfield tag="002">20161230</controlfield><controlfield tag="005">20161230201042</controlfield><controlfield tag="008">060222s1000------------r-----000-0-eng-d</controlfield><datafield ind1=" " ind2=" " tag="080"><subfield code="a">621.039.516.4</subfield></datafield><datafield ind1=" " ind2=" " tag="245"><subfield code="a">Selected measurement methods for plutonium and uranium in the nuclear fule cycle. compiled and edited by ralph j.jones</subfield></datafield><datafield ind1=" " ind2=" " tag="260"><subfield code="a">Washington, U.S.Government Printing Off., 1963, Xiv+419p</subfield></datafield><datafield ind1=" " ind2=" " tag="852"><subfield code="a">20836</subfield></datafield></record></collection>